@incollection{confbib1,
  author = {Соловьев, В.В.},
  title = {Анализ средств машинного видения окружающего мира},
  booktitle = {28-я Московская международная межвузовская научно-техническая конференция «Подъемно-транспортные, строительные, дорожные, путевые, мелиоративные машины и робототехнические комплексы» («Молодой инженер»)},
  year = {2024},
  pages = {505--508},
  language = {russian},
  authorconf = {true},
}

@incollection{confbib2,
	author = {Соловьев, В.В.},
	title = {Координация распределения задач на основе гиперграфов для автоматизированных наземных транспортно-технологических средств},
	booktitle = {16-я Международная конференция "Организация и безопастность
	дорожного движения в крупных городах"},
	year = {2024},
	language = {russian},
	authorconf = {true},
}

@incollection{confbib3,
	author = {Соловьев, В.В.},
	title = {Подсистема сбора информации автономных интеллектуальных
	транспортных систем},
	booktitle = {16-я Международная конференция "Организация и безопастность
	дорожного движения в крупных городах"},
	year = {2024},
	language = {russian},
	authorconf = {true},
}

@ARTICLE{vakbib1,
  author = {Соловьев, В. В. and Евтюков, С. А.},
  addendum = {(0,28~п.~л.; ВАК)},
  title = {Модель системы многозадачной координации автоматизированных транспортно-технологических средств},
  journal = {Грузовик},
  year = {2023},
  number = {7},
  pages = {36--39},
  language = {russian},
  authorvak = {true},
  authorwos = {true},
}
