% ГОСТ Р 7.0.11-2011, Приложение Б, Книги
@BOOK{Evtukov,
  author = {Евтюков, С. А. and Евтюков, С. С. and Чудаков, А. В. and Куракина, Е. В.},
  address = {Санкт-Петербург},
  publisher = {ИД <<Петрополис>>},
  title = {Наземные транспортно-технологические машины и комплексы: Учебник для ВУЗов.},
  year = {2017},
  numpages = {642},
  language = {russian}
}

@ARTICLE{doi:10.36652/1684-1298-2023-36-39,
  author =       {Соловьев, В. В. and Евтюков, С. А.},
  title =        {Разработка модели системы многозадачной координации автоматизированных наземных
транспортно-технологических средств},
  journal =      {Грузовик},
  year =         {2023},
  number =       {7},
  pages =        {36-39},
  doi =          {10.36652/1684-1298-2023-36-39},
  language =     {russian}
}

% ! TODO поправить после выхода
@CONFERENCE{Baumana,
  author       = {Соловьев, В. В.},
  title        = {8-я Московская международная межвузовская научно-
техническая конференция «Подъемно-транспортные, строительные, дорожные, путевые,
мелиоративные машины и робототехнические комплексы» («Молодой инженер»)},
  booktitle    = {Анализ средств машинного видения окружающего мира},
  year         = {1993},
  editor       = {The editor},
  volume       = {4},
  series       = {5},
  pages        = {213},
  address      = {The address of the publisher},
  month        = {7},
  organization = {The organization},
  publisher    = {The publisher},
  note         = {An optional note},
  language     = {english}
}